<record><leader>00000cas a22000007a 4500</leader><controlfield tag="001">30317741</controlfield><controlfield tag="008">940422d187u1uuuoruwr ne      0    0ger d</controlfield><datafield ind1=" " ind2=" " tag="010"><subfield code="a">sn 93051666 </subfield></datafield><datafield ind1=" " ind2=" " tag="040"><subfield code="a">CUY</subfield><subfield code="b">eng</subfield><subfield code="c">CNK</subfield><subfield code="d">OCLCQ</subfield><subfield code="d">OCLCO</subfield></datafield><datafield ind1="1" ind2=" " tag="029"><subfield code="a">AU@</subfield><subfield code="b">000025896823</subfield></datafield><datafield ind1=" " ind2=" " tag="042"><subfield code="a">msc</subfield></datafield><datafield ind1=" " ind2=" " tag="043"><subfield code="a">n-us-or</subfield><subfield code="a">n-us-wa</subfield></datafield><datafield ind1="0" ind2=" " tag="130"><subfield code="a">Deutsche Zeitung (Portland, Or.)</subfield></datafield><datafield ind1="1" ind2="0" tag="245"><subfield code="a">Deutsche Zeitung.</subfield></datafield><datafield ind1=" " ind2=" " tag="260"><subfield code="a">Portland [Or.] :</subfield><subfield code="b">C.A. Landenberger</subfield></datafield><datafield ind1=" " ind2=" " tag="300"><subfield code="a">v.</subfield></datafield><datafield ind1=" " ind2=" " tag="310"><subfield code="a">Weekly</subfield></datafield><datafield ind1=" " ind2=" " tag="500"><subfield code="a">"Fu&#776;r den Staat Oregon und das Washington Territorium."</subfield></datafield><datafield ind1=" " ind2=" " tag="588"><subfield code="a">Description based on: 10. Jahrg., no. 42 (11 Mai 1878).</subfield></datafield><datafield ind1=" " ind2="0" tag="650"><subfield code="a">Germans</subfield><subfield code="z">Oregon</subfield><subfield code="v">Newspapers.</subfield></datafield><datafield ind1=" " ind2="0" tag="650"><subfield code="a">Germans</subfield><subfield code="z">Washington</subfield><subfield code="v">Newspapers.</subfield></datafield><datafield ind1=" " ind2=" " tag="752"><subfield code="a">United States</subfield><subfield code="b">Oregon</subfield><subfield code="c">Multnomah</subfield><subfield code="d">Portland.</subfield></datafield><datafield ind1="0" ind2="0" tag="780"><subfield code="t">Oregon Deutsche Zeitung</subfield><subfield code="w">(DLC)sn 84022674</subfield></datafield></record>